@article{korayem2016sentiment,
  title={Sentiment/subjectivity analysis survey for languages other than English},
  author={Korayem, Mohammed and Aljadda, Khalifeh and Crandall, David},
  journal={Social network analysis and mining},
  volume={6},
  number={1},
  pages={75},
  year={2016},
  publisher={Springer}
}
@inproceedings{balahur2012multilingual,
  title={Multilingual sentiment analysis using machine translation?},
  author={Balahur, Alexandra and Turchi, Marco},
  booktitle={Proceedings of the 3rd workshop in computational approaches to subjectivity and sentiment analysis},
  pages={52--60},
  year={2012},
  organization={Association for Computational Linguistics}
}
@incollection{ghorbel2011sentiment,
  title={Sentiment analysis of French movie reviews},
  author={Ghorbel, Hatem and Jacot, David},
  booktitle={Advances in Distributed Agent-Based Retrieval Tools},
  pages={97--108},
  year={2011},
  publisher={Springer}
}
@article{chen2018fine,
  title={Fine-grained Sentiment Analysis of Chinese Reviews Using LSTM Network.},
  author={Chen, Huiling and Li, Shi and Wu, Peihuang and Yi, Nian and Li, Shuyun and Huang, Xiaoran},
  journal={Journal of Engineering Science \& Technology Review},
  volume={11},
  number={1},
  year={2018}
}
@article{pang2008opinion,
  title={Opinion mining and sentiment analysis},
  author={Pang, Bo and Lee, Lillian and others},
  journal={Foundations and Trends{\textregistered} in Information Retrieval},
  volume={2},
  number={1--2},
  pages={1--135},
  year={2008},
  publisher={Now Publishers, Inc.}
}
@article{rain2013sentiment,
  title={Sentiment analysis in amazon reviews using probabilistic machine learning},
  author={Rain, Callen},
  journal={Swarthmore College},
  year={2013}
}
@inproceedings{glorot2011domain,
  title={Domain adaptation for large-scale sentiment classification: A deep learning approach},
  author={Glorot, Xavier and Bordes, Antoine and Bengio, Yoshua},
  booktitle={Proceedings of the 28th international conference on machine learning (ICML-11)},
  pages={513--520},
  year={2011}
}
@article{hirschberg2015advances,
  title={Advances in natural language processing},
  author={Hirschberg, Julia and Manning, Christopher D},
  journal={Science},
  volume={349},
  number={6245},
  pages={261--266},
  year={2015},
  publisher={American Association for the Advancement of Science}
}
@article{lample2018phrase,
  title={Phrase-based \& neural unsupervised machine translation},
  author={Lample, Guillaume and Ott, Myle and Conneau, Alexis and Denoyer, Ludovic and Ranzato, Marc'Aurelio},
  journal={arXiv preprint arXiv:1804.07755},
  year={2018}
}
@inproceedings{bautin2008international,
  title={International sentiment analysis for news and blogs.},
  author={Bautin, Mikhail and Vijayarenu, Lohit and Skiena, Steven},
  booktitle={ICWSM},
  year={2008}
}
@inproceedings{aydougan2016comprehensive,
  title={A comprehensive survey for sentiment analysis tasks using machine learning techniques},
  author={Aydo{\u{g}}an, Ebru and Akcayol, M Ali},
  booktitle={2016 International Symposium on INnovations in Intelligent SysTems and Applications (INISTA)},
  pages={1--7},
  year={2016},
  organization={IEEE}
}
@inproceedings{brooke2009cross,
  title={Cross-linguistic sentiment analysis: From English to Spanish},
  author={Brooke, Julian and Tofiloski, Milan and Taboada, Maite},
  booktitle={Proceedings of the international conference RANLP-2009},
  pages={50--54},
  year={2009}
}
@article{martin2013sentiment,
  title={Sentiment polarity detection in Spanish reviews combining supervised and unsupervised approaches},
  author={Mart{\'\i}n-Valdivia, Mar{\'\i}a-Teresa and Mart{\'\i}nez-C{\'a}mara, Eugenio and Perea-Ortega, Jose-M and Ure{\~n}a-L{\'o}pez, L Alfonso},
  journal={Expert Systems with Applications},
  volume={40},
  number={10},
  pages={3934--3942},
  year={2013},
  publisher={Elsevier}
}
@article{GoogleTranslate,
  title={Google's neural machine translation system: Bridging the gap between human and machine translation},
  author={Wu, Yonghui and Schuster, Mike and Chen, Zhifeng and Le, Quoc V and Norouzi, Mohammad and Macherey, Wolfgang and Krikun, Maxim and Cao, Yuan and Gao, Qin and Macherey, Klaus and others},
  journal={arXiv preprint arXiv:1609.08144},
  year={2016}
}
@article{zhou2003nlpir,
  title={{NLPIR}: A theoretical framework for applying natural language processing to information retrieval},
  author={Zhou, Lina and Zhang, Dongsong},
  journal={Journal of the American Society for Information Science and Technology},
  volume={54},
  number={2},
  pages={115--123},
  year={2003},
  publisher={Wiley Online Library}
}
@misc{pynlpir,
  author       = {Thomas Roten},
  title        = {{PyNLPIR 0.6.0}},
  month        = aug,
  year         = 2019,
  url          = {https://pypi.org/project/PyNLPIR/}
}
@article{kim2014convolutional,
  title={Convolutional neural networks for sentence classification},
  author={Kim, Yoon},
  journal={arXiv preprint arXiv:1408.5882},
  year={2014}
}
@inproceedings{severyn2015twitter,
  title={Twitter sentiment analysis with deep convolutional neural networks},
  author={Severyn, Aliaksei and Moschitti, Alessandro},
  booktitle={Proceedings of the 38th International ACM SIGIR Conference on Research and Development in Information Retrieval},
  pages={959--962},
  year={2015},
  organization={ACM}
}
@incollection{cai2015convolutional,
  title={Convolutional neural networks for multimedia sentiment analysis},
  author={Cai, Guoyong and Xia, Binbin},
  booktitle={Natural Language Processing and Chinese Computing},
  pages={159--167},
  year={2015},
  publisher={Springer}
}
@inproceedings{gensim,
      title = {{GenSim}: Software Framework for Topic Modelling with Large Corpora},
      author = {Radim {\v R}eh{\r u}{\v r}ek and Petr Sojka},
      booktitle = {Proceedings of the {LREC} 2010 Workshop on New Challenges for {NLP} Frameworks}},
      pages = {45--50},
      year = 2010,
      month = May,
      day = 22,
      publisher = {ELRA},
      address = {Valletta, Malta},
      note={\url{http://is.muni.cz/publication/884893/en}},
      language={English}
}
@book{python3,
 author = {Van Rossum, Guido and Drake, Fred L.},
 title = {Python 3 Reference Manual},
 year = {2009},
 isbn = {1441412697, 9781441412690},
 publisher = {CreateSpace},
 address = {Paramount, CA},
} 
% Numpy
@book{numpy,
 author = {Oliphant, Travis E.},
 title = {Guide to NumPy},
 year = {2015},
 isbn = {151730007X, 9781517300074},
 edition = {2nd},
 publisher = {CreateSpace Independent Publishing Platform},
 address = {USA},
}

% PyTorch
@inproceedings{pytorch,
  title={Automatic differentiation in PyTorch},
  author={Paszke, Adam and Gross, Sam and Chintala, Soumith and Chanan, Gregory and Yang, Edward and DeVito, Zachary and Lin, Zeming and Desmaison, Alban and Antiga, Luca and Lerer, Adam},
  booktitle={NIPS-W},
  year={2017}
}

% colab
@incollection{Colab,
  title={Google Colaboratory},
  author={Bisong, Ekaba},
  booktitle={Building Machine Learning and Deep Learning Models on Google Cloud Platform},
  pages={59--64},
  year={2019},
  publisher={Springer}
}